@article{checko2015cloud,
  title={Cloud RAN for mobile networks—A technology overview},
  author={Checko, Aleksandra and Christiansen, Henrik L and Yan, Ying and Scolari, Lara and Kardaras, Georgios and Berger, Michael S and Dittmann, Lars},
  journal={IEEE Communications surveys \& tutorials},
  volume={17},
  number={1},
  pages={405--426},
  year={2015},
  publisher={IEEE}
}
@inproceedings{gudipati2013softran,
	title={SoftRAN: Software defined radio access network},
	author={Gudipati, Aditya and Perry, Daniel and Li, Li Erran and Katti, Sachin},
	booktitle={Proceedings of the second ACM SIGCOMM workshop on Hot topics in software defined networking},
	pages={25--30},
	year={2013}
}
@article{yu2017hsdran,
	title={HSDRAN: Hierarchical software-defined radio access network for distributed optimization},
	author={Yu, Ruozhou and Xue, Guoliang and Bennis, Mehdi and Chen, Xianfu and Han, Zhu},
	journal={IEEE Transactions on Vehicular Technology},
	volume={67},
	number={9},
	pages={8623--8636},
	year={2017},
	publisher={IEEE}
}
@article{chu1998genetic,
	title={A genetic algorithm for the multidimensional knapsack problem},
	author={Chu, Paul C and Beasley, John E},
	journal={Journal of heuristics},
	volume={4},
	number={1},
	pages={63--86},
	year={1998},
	publisher={Springer}
}
@article{berkey1987two,
	title={Two-dimensional finite bin-packing algorithms},
	author={Berkey, Judith O and Wang, Pearl Y},
	journal={Journal of the operational research society},
	volume={38},
	number={5},
	pages={423--429},
	year={1987},
	publisher={Springer}
}
@online{vran,
ALTauthor = {Boost Capacity, Reduce Cost, and Enhance Customer Experience with
Wind River, Altiostar, Amdocs, and Dell EMC },
title = {vRAN: The Next Step in Network
Transformation},
year = {2017},
url = {https://builders.intel.com/docs/networkbuilders/vran-the-next-step-in-network-transformation.pdf},

}


@article{montague1999reinforcement,
	title={Reinforcement learning: an introduction, by Sutton, RS and Barto, AG},
	author={Montague, P Read},
	journal={Trends in cognitive sciences},
	volume={3},
	number={9},
	pages={360},
	year={1999},
	publisher={Elsevier}
}
@article{ranSlice1,
  title={Toward operator-to-waveform 5G radio access network slicing},
  author={D'Oro, Salvatore and Restuccia, Francesco and Melodia, Tommaso},
  journal={IEEE Communications Magazine},
  volume={58},
  number={4},
  pages={18--23},
  year={2020},
  publisher={IEEE}
}
@article{3dbin,
	title={Vector bin packing with heterogeneous bins: application to the machine reassignment problem},
	author={Gabay, Micha{\"e}l and Zaourar, Sofia},
	journal={Annals of Operations Research},
	volume={242},
	number={1},
	pages={161--194},
	year={2016},
	publisher={Springer}
}
@article{ranslice2,
  title={Dynamic resource allocation with RAN slicing and scheduling for uRLLC and eMBB hybrid services},
  author={Feng, Lei and Zi, Yueqi and Li, Wenjing and Zhou, Fanqing and Yu, Peng and Kadoch, Michel},
  journal={IEEE Access},
  volume={8},
  pages={34538--34551},
  year={2020},
  publisher={IEEE}
}
@article{ranSlice,
  title={5G RAN slicing for verticals: Enablers and challenges},
  author={Elayoubi, Salah Eddine and Jemaa, Sana Ben and Altman, Zwi and Galindo-Serrano, Ana},
  journal={IEEE Communications Magazine},
  volume={57},
  number={1},
  pages={28--34},
  year={2019},
  publisher={IEEE}
}
@article{oranInt,
  title={Intelligent O-RAN for Beyond 5G and 6G Wireless Networks},
  author={Niknam, Solmaz and Roy, Abhishek and Dhillon, Harpreet S and Singh, Sukhdeep and Banerji, Rahul and Reed, Jeffery H and Saxena, Navrati and Yoon, Seungil},
  journal={arXiv preprint arXiv:2005.08374},
  year={2020}
}
@article{li2020end,
  title={An End-to-End Network Slicing Algorithm Based on Deep Q-Learning for 5G Network},
  author={Li, Taihui and Zhu, Xiaorong and Liu, Xu},
  journal={IEEE Access},
  volume={8},
  pages={122229--122240},
  year={2020},
  publisher={IEEE}
}
@inproceedings{sciancalepore2017mobile,
  title={Mobile traffic forecasting for maximizing 5G network slicing resource utilization},
  author={Sciancalepore, Vincenzo and Samdanis, Konstantinos and Costa-Perez, Xavier and Bega, Dario and Gramaglia, Marco and Banchs, Albert},
  booktitle={IEEE INFOCOM 2017-IEEE Conference on Computer Communications},
  pages={1--9},
  year={2017},
  organization={IEEE}
}
@article{wang2017joint,
  title={On joint BBU/RRH resource allocation in heterogeneous cloud-RANs},
  author={Wang, Kaiwei and Zhou, Wuyang and Mao, Shiwen},
  journal={IEEE Internet of Things Journal},
  volume={4},
  number={3},
  pages={749--759},
  year={2017},
  publisher={IEEE}
}
@article{de2020optimal,
  title={Optimal Virtual Network Function Deployment for 5G Network Slicing in a Hybrid Cloud Infrastructure},
  author={De Domenico, Antonio and Liu, Ya-Feng and Yu, Wei},
  journal={arXiv preprint arXiv:2006.08774},
  year={2020}
}
@article{coreSlice,
  title={Optimal slice allocation in 5G core networks},
  author={Sattar, Danish and Matrawy, Ashraf},
  journal={IEEE Networking Letters},
  volume={1},
  number={2},
  pages={48--51},
  year={2019},
  publisher={IEEE}
}
@article{larsen2018fronthaul,
  title={Fronthaul for Cloud-RAN enabling network slicing in 5G mobile networks},
  author={Larsen, Line MP and Berger, Michael S and Christiansen, Henrik L},
  journal={Wireless Communications and Mobile Computing},
  volume={2018},
  year={2018},
  publisher={Hindawi}
}
@article{fogComputing,
  title={Fog-computing-based radio access networks: issues and challenges},
  author={Peng, Mugen and Yan, Shi and Zhang, Kecheng and Wang, Chonggang},
  journal={IEEE Network},
  volume={30},
  number={4},
  pages={46--53},
  year={2016},
  publisher={IEEE}
}
@article{fran,
  title={A realization of fog-RAN slicing via deep reinforcement learning},
  author={Xiang, Hongyu and Yan, Shi and Peng, Mugen},
  journal={IEEE Transactions on Wireless Communications},
  volume={19},
  number={4},
  pages={2515--2527},
  year={2020},
  publisher={IEEE}
}
@inproceedings{costanzo2018network,
  title={A network slicing prototype for a flexible cloud radio access network},
  author={Costanzo, Salvatore and Fajjari, Ilhem and Aitsaadi, Nadjib and Langar, Rami},
  booktitle={2018 15th IEEE Annual Consumer Communications \& Networking Conference (CCNC)},
  pages={1--4},
  year={2018},
  organization={IEEE}
}
@inproceedings{wang2016online,
  title={Online VNF scaling in datacenters},
  author={Wang, Xiaoke and Wu, Chuan and Le, Franck and Liu, Alex and Li, Zongpeng and Lau, Francis},
  booktitle={2016 IEEE 9th International Conference on Cloud Computing (CLOUD)},
  pages={140--147},
  year={2016},
  organization={IEEE}
}
@article{jia2018online,
  title={Online scaling of NFV service chains across geo-distributed datacenters},
  author={Jia, Yongzheng and Wu, Chuan and Li, Zongpeng and Le, Franck and Liu, Alex},
  journal={IEEE/ACM Transactions on Networking},
  volume={26},
  number={2},
  pages={699--710},
  year={2018},
  publisher={IEEE}
}
@article{luo2020online,
  title={An Online Algorithm for VNF Service Chain Scaling in Datacenters},
  author={Luo, Ziyue and Wu, Chuan},
  journal={IEEE/ACM Transactions on Networking},
  year={2020},
  publisher={IEEE}
}
@article{cziva2018dynamic,
  title={Dynamic, latency-optimal VNF placement at the network edge},
  author={Cziva, Richard and Anagnostopoulos, Christos and Pezaros, Dimitrios P},
  booktitle={Ieee infocom 2018-ieee conference on computer communications},
  pages={693--701},
  year={2018},
  organization={IEEE}
}
@article{pei2019optimal,
  title={Optimal VNF placement via deep reinforcement learning in SDN/NFV-enabled networks},
  author={Pei, Jianing and Hong, Peilin and Pan, Miao and Liu, Jiangqing and Zhou, Jingsong},
  journal={IEEE Journal on Selected Areas in Communications},
  volume={38},
  number={2},
  pages={263--278},
  year={2019},
  publisher={IEEE}
}
@article{ren2020joint,
  title={Joint Optimization of VNF Placement and Flow Scheduling in Mobile Core Network},
  author={Ren, BangBang and Gu, Siyuan and Guo, Deke and Tang, Guoming and Lin, Xu},
  journal={IEEE Transactions on Cloud Computing},
  year={2020},
  publisher={IEEE}
}
@article{cranInt,
  title={System architecture and key technologies for 5G heterogeneous cloud radio access networks},
  author={Peng, Mugen and Li, Yong and Zhao, Zhongyuan and Wang, Chonggang},
  journal={IEEE network},
  volume={29},
  number={2},
  pages={6--14},
  year={2015},
  publisher={IEEE}
}
@article{c2o,
  title={From Cloud RAN to Open RAN},
  author={Gavrilovska, Liljana and Rakovic, Valentin and Denkovski, Daniel},
  journal={Wireless Personal Communications},
  pages={1--17},
  year={2020},
  publisher={Springer}
}
@article{sree2019open,
  title={Open RAN Deployment Using Advanced Radio Link Manager Framework to Support Mission Critical Services in 5G},
  author={Sree, S and Ponnekanti, Seshaiah},
  journal={EAI Endorsed Transactions on Cloud Systems},
  volume={5},
  number={14},
  year={2019},
  publisher={European Alliance for Innovation (EAI)}
}
@article{kawahara2019ran,
  title={O-RAN Alliance Standardization Trends},
  author={Kawahara, Sadayuki Abeta Toshiro and Matsukawa, Anil Umesh Ryusuke},
  year={2019}
}
@inproceedings{vnf1,
  title={Towards secure slicing: Using slice isolation to mitigate DDoS attacks on 5G core network slices},
  author={Sattar, Danish and Matrawy, Ashraf},
  booktitle={2019 IEEE Conference on Communications and Network Security (CNS)},
  pages={82--90},
  year={2019},
  organization={IEEE}
}
@article{onet,
  title={ONETS: online network slice broker from theory to practice},
  author={Sciancalepore, Vincenzo and Zanzi, Lanfranco and Costa-Perez, Xavier and Capone, Antonio},
  journal={arXiv preprint arXiv:1801.03484},
  year={2018}
}
@article{li2019latency,
  title={Latency-Optimal Virtual Network Functions Resource Allocation for 5G Backhaul Transport Network Slicing},
  author={Li, Wenjing and Zi, Yueqi and Feng, Lei and Zhou, Fanqing and Yu, Peng and Qiu, Xuesong},
  journal={Applied Sciences},
  volume={9},
  number={4},
  pages={701},
  year={2019},
  publisher={Multidisciplinary Digital Publishing Institute}
}
@article{fogComputing,
  title={Fog-computing-based radio access networks: issues and challenges},
  author={Peng, Mugen and Yan, Shi and Zhang, Kecheng and Wang, Chonggang},
  journal={IEEE Network},
  volume={30},
  number={4},
  pages={46--53},
  year={2016},
  publisher={IEEE}
}
@article{fogEdge,
  title={Joint optimization of cloud and edge processing for fog radio access networks},
  author={Park, Seok-Hwan and Simeone, Osvaldo and Shitz, Shlomo Shamai},
  journal={IEEE Transactions on Wireless Communications},
  volume={15},
  number={11},
  pages={7621--7632},
  year={2016},
  publisher={IEEE}
}

@article{heterogeneous,
  title={Heterogeneous cloud radio access networks: A new perspective for enhancing spectral and energy efficiencies},
  author={Peng, Mugen and Li, Yuan and Jiang, Jiamo and Li, Jian and Wang, Chonggang},
  journal={IEEE Wireless Communications},
  volume={21},
  number={6},
  pages={126--135},
  year={2014},
  publisher={IEEE}
}
@inproceedings{deeprl1,
  title={A Deep Reinforcement Learning Based Content Caching and Mode Selection for Slice Instances in Fog Radio Access Networks},
  author={Xiang, Hongyu and Yan, Shi and Peng, Mugen},
  booktitle={2019 IEEE 90th Vehicular Technology Conference (VTC2019-Fall)},
  pages={1--5},
  year={2019},
  organization={IEEE}
}
@article{gan1,
  title={Gan-powered deep distributional reinforcement learning for resource management in network slicing},
  author={Hua, Yuxiu and Li, Rongpeng and Zhao, Zhifeng and Chen, Xianfu and Zhang, Honggang},
  journal={IEEE Journal on Selected Areas in Communications},
  volume={38},
  number={2},
  pages={334--349},
  year={2019},
  publisher={IEEE}
}
@inproceedings{gan2,
  title={GAN-based deep distributional reinforcement learning for resource management in network slicing},
  author={Hua, Yuxiu and Li, Rongpeng and Zhao, Zhifeng and Zhang, Honggang and Chen, Xianfu},
  booktitle={2019 IEEE Global Communications Conference (GLOBECOM)},
  pages={1--6},
  year={2019},
  organization={IEEE}
}
@article{xia2018power,
  title={Power minimization-based joint task scheduling and resource allocation in downlink C-RAN},
  author={Xia, Wenchao and Zhang, Jun and Quek, Tony QS and Jin, Shi and Zhu, Hongbo},
  journal={IEEE Transactions on Wireless Communications},
  volume={17},
  number={11},
  pages={7268--7280},
  year={2018},
  publisher={IEEE}
}
@article{aiNS,
  title={AI-assisted network-slicing based next-generation wireless networks},
  author={Shen, Xuemin and Gao, Jie and Wu, Wen and Lyu, Kangjia and Li, Mushu and Zhuang, Weihua and Li, Xu and Rao, Jaya},
  journal={IEEE Open Journal of Vehicular Technology},
  volume={1},
  pages={45--66},
  year={2020},
  publisher={IEEE}
}
@article{SDN1,
  title={A survey on software-defined networking},
  author={Xia, Wenfeng and Wen, Yonggang and Foh, Chuan Heng and Niyato, Dusit and Xie, Haiyong},
  journal={IEEE Communications Surveys \& Tutorials},
  volume={17},
  number={1},
  pages={27--51},
  year={2014},
  publisher={IEEE}
}
@article{SDN3,
  title={Software-defined network function virtualization: A survey},
  author={Li, Yong and Chen, Min},
  journal={IEEE Access},
  volume={3},
  pages={2542--2553},
  year={2015},
  publisher={IEEE}
}
@article{SDN2,
  title={SDN/NFV-based mobile packet core network architectures: A survey},
  author={Nguyen, Van-Giang and Brunstrom, Anna and Grinnemo, Karl-Johan and Taheri, Javid},
  journal={IEEE Communications Surveys \& Tutorials},
  volume={19},
  number={3},
  pages={1567--1602},
  year={2017},
  publisher={IEEE}
}
@article{NFVArch,
  title={Resource allocation in NFV: A comprehensive survey},
  author={Herrera, Juliver Gil and Botero, Juan Felipe},
  journal={IEEE Transactions on Network and Service Management},
  volume={13},
  number={3},
  pages={518--532},
  year={2016},
  publisher={IEEE}
}
@online{xran,
title = {xRAN Forum Merges With C-RAN Alliance to Form ORAN Alliance},
year = {2018},
url = {https://www.businesswire.com/news/home/20180227005673/en/xRAN-Forum-Merges-C-RAN-Alliance-Form-ORAN}
}
@online{xran1,
title = {Next Generation RAN Architecture},
url = {http://rod-stuhlmuller-nydh.squarespace.com/}
}

@TechReport{oranWP,
author = { Chih-Lin I, Sachin Katti, Claudio Coletti, William Diego, Ran Duan, Saeed
Ghassemzadeh},
title = {O-RAN White paper: Towards an Open and Smart RAN},
institution = {O-RAN Alliance},
year = {2018}
}
@article{NS1,
  title={Network slicing based 5G and future mobile networks: mobility, resource management, and challenges},
  author={Zhang, Haijun and Liu, Na and Chu, Xiaoli and Long, Keping and Aghvami, Abdol-Hamid and Leung, Victor CM},
  journal={IEEE communications magazine},
  volume={55},
  number={8},
  pages={138--145},
  year={2017},
  publisher={IEEE}
}
@article{NS2,
  title={Network slicing as a service: enabling enterprises' own software-defined cellular networks},
  author={Zhou, Xuan and Li, Rongpeng and Chen, Tao and Zhang, Honggang},
  journal={IEEE Communications Magazine},
  volume={54},
  number={7},
  pages={146--153},
  year={2016},
  publisher={IEEE}
}
@article{NFV,
  title={Network function virtualization: State-of-the-art and research challenges},
  author={Mijumbi, Rashid and Serrat, Joan and Gorricho, Juan-Luis and Bouten, Niels and De Turck, Filip and Boutaba, Raouf},
  journal={IEEE Communications surveys \& tutorials},
  volume={18},
  number={1},
  pages={236--262},
  year={2015},
  publisher={IEEE}
}
@inproceedings{mimoCran,
  title={Energy-efficient power allocation for distributed large-scale MIMO cloud radio access networks},
  author={Li, Pei-Rong and Chang, Tain-Sao and Feng, Kai-Ten},
  booktitle={2014 IEEE Wireless Communications and Networking Conference (WCNC)},
  pages={1856--1861},
  year={2014},
  organization={IEEE}
}

@article{1111,
  title={Fronthaul compression for cloud radio access networks: Signal processing advances inspired by network information theory},
  author={Park, Seok-Hwan and Simeone, Osvaldo and Sahin, Onur and Shitz, Shlomo Shamai},
  journal={IEEE Signal Processing Magazine},
  volume={31},
  number={6},
  pages={69--79},
  year={2014},
  publisher={IEEE}
}
@inproceedings{clust,
  title={Joint Clusterization and Power Allocation for Cloud Radio Access Networks},
  author={Tsou, Yao-Chun and Li, Pei-Rong and Chu, Jui-Hung and Feng, Kai-Ten},
  booktitle={Vehicular Technology Conference (VTC Fall), 2015 IEEE 82nd},
  pages={1--5},
  year={2015},
  organization={IEEE}
}

@article{simeone2016cloud,
  title={Cloud radio access networks: Uplink channel estimation and downlink precoding},
  author={Simeone, Osvaldo and Kang, Jinkyu and Kang, Joonhyuk and Shamai, Shlomo},
  journal={arXiv preprint arXiv:1608.07358},
  year={2016},
  publisher={Wiley Online Library}
}
@article{peng2015energy,
  title={Energy-efficient resource assignment and power allocation in heterogeneous cloud radio access networks},
  author={Peng, Mugen and Zhang, Kecheng and Jiang, Jiamo and Wang, Jiaheng and Wang, Wenbo},
  journal={IEEE Transactions on Vehicular Technology},
  volume={64},
  number={11},
  pages={5275--5287},
  year={2015},
  publisher={IEEE}
}
@article{gan,
  title={Gan-based deep distributional reinforcement learning for resource management in network slicing},
  author={Hua, Yuxiu and Li, Rongpeng and Zhao, Zhifeng and Zhang, Honggang and Chen, Xianfu},
  journal={arXiv preprint arXiv:1905.03929},
  year={2019}
}
@article{drl,
  title={Deep reinforcement learning for resource management in network slicing},
  author={Li, Rongpeng and Zhao, Zhifeng and Sun, Qi and Chih-Lin, I and Yang, Chenyang and Chen, Xianfu and Zhao, Minjian and Zhang, Honggang},
  journal={IEEE Access},
  volume={6},
  pages={74429--74441},
  year={2018},
  publisher={IEEE}
}
@article{lee2018dynamic,
  title={Dynamic network slicing for multitenant heterogeneous cloud radio access networks},
  author={Lee, Ying Loong and Loo, Jonathan and Chuah, Teong Chee and Wang, Li-Chun},
  journal={IEEE Transactions on Wireless Communications},
  volume={17},
  number={4},
  pages={2146--2161},
  year={2018},
  publisher={IEEE}
}
@inproceedings{motalleb2017optimal,
  title={Optimal power allocation for distributed MIMO C-RAN system with limited fronthaul capacity},
  author={Motalleb, Mojdeh Karbalaee and Kabiri, Amirreza and Emadi, Mohammad Javad},
  booktitle={2017 Iranian Conference on Electrical Engineering (ICEE)},
  pages={1978--1982},
  year={2017},
  organization={IEEE}
}
@article{luong2017optimal,
  title={Optimal joint remote radio head selection and beamforming design for limited fronthaul C-RAN},
  author={Luong, Phuong and Gagnon, Fran{\c{c}}ois and Despins, Charles and Tran, Le-Nam},
  journal={IEEE Transactions on Signal Processing},
  volume={65},
  number={21},
  pages={5605--5620},
  year={2017},
  publisher={IEEE}
}
@article{frdl,
  title={System cost minimization in cloud RAN with limited fronthaul capacity},
  author={Tang, Jianhua and Tay, Wee Peng and Quek, Tony QS and Liang, Ben},
  journal={IEEE Transactions on Wireless Communications},
  volume={16},
  number={5},
  pages={3371--3384},
  year={2017},
  publisher={IEEE}
}
@inproceedings{luong2018novel,
  title={A novel energy-efficient resource allocation approach in limited fronthaul virtualized C-RANs},
  author={Luong, Phuong and Despins, Charles and Gagnon, Francois and Tran, Le-Nam},
  booktitle={2018 IEEE 87th Vehicular Technology Conference (VTC Spring)},
  pages={1--6},
  year={2018},
  organization={IEEE}
}
@article{guo2016exploiting,
  title={Exploiting hybrid clustering and computation provisioning for green C-RAN},
  author={Guo, Kun and Sheng, Min and Tang, Jianhua and Quek, Tony QS and Qiu, Zhiliang},
  journal={IEEE Journal on Selected Areas in Communications},
  volume={34},
  number={12},
  pages={4063--4076},
  year={2016},
  publisher={IEEE}
}
@article{luong2018novel1,
  title={Joint virtual computing and radio resource allocation in limited fronthaul green C-RANs},
  author={Luong, Phuong and Gagnon, Fran{\c{c}}ois and Despins, Charles and Tran, Le-Nam},
  journal={IEEE Transactions on Wireless Communications},
  volume={17},
  number={4},
  pages={2602--2617},
  year={2018},
  publisher={IEEE}
}
@article{gligoroski2019expanded,
  title={Expanded Combinatorial Designs as Tool to Model Network Slicing in 5G},
  author={Gligoroski, Danilo and Kralevska, Katina},
  journal={IEEE Access},
  volume={7},
  pages={54879--54887},
  year={2019},
  publisher={IEEE}
}
@article{foukas2017network,
  title={Network slicing in 5G: Survey and challenges},
  author={Foukas, Xenofon and Patounas, Georgios and Elmokashfi, Ahmed and Marina, Mahesh K},
  journal={IEEE Communications Magazine},
  volume={55},
  number={5},
  pages={94--100},
  year={2017},
  publisher={IEEE}
}
@article{zhang2017network,
  title={Network slicing based 5G and future mobile networks: mobility, resource management, and challenges},
  author={Zhang, Haijun and Liu, Na and Chu, Xiaoli and Long, Keping and Aghvami, Abdol-Hamid and Leung, Victor CM},
  journal={IEEE Communications Magazine},
  volume={55},
  number={8},
  pages={138--145},
  year={2017},
  publisher={IEEE}
}

@online{oranpaper,
author = {Ian Scales},
title = {The Open RAN (ORAN) Alliance formed to lever open 5G for ‘other’ technologies? and much more...},
year = {2018},
url = {https://www.o-ran.org/resources}
}
@online{oran1,
author = { Bevin Fletcher},
title = {Vodafone initiates first open RAN trials in the U.K., challenging traditional vendors},
year = {2019},
url = {https://www.fiercewireless.com/tech/vodafone-initiates-first-open-ran-trials-uk-challenging-traditional-vendors}
}
@electronic{orant1,
 author   = "Ian Scales",
 title     = "The Open RAN (ORAN) Alliance formed to lever open 5G for ‘other’ technologies? and much more...",
 url       = "https://www.telecomtv.com/content/mwc/the-open-ran-oran-alliance-formed-to-lever-open-5g-for-other-technologies-and-much-more-16429"
}

@article{cran1,
  title={Cloud radio access network (C-RAN): a primer},
  author={Wu, Jun and Zhang, Zhifeng and Hong, Yu and Wen, Yonggang},
  journal={IEEE Network},
  volume={29},
  number={1},
  pages={35--41},
  year={2015},
  publisher={IEEE}
}
@online{xran,
title = {xRAN Forum Merges With C-RAN Alliance to Form ORAN Alliance},
year = {2018},
url = {https://www.businesswire.com/news/home/20180227005673/en/xRAN-Forum-Merges-C-RAN-Alliance-Form-ORAN}
}
@article{ns1,
  title={Network slicing as a service: enabling enterprises' own software-defined cellular networks},
  author={Zhou, Xuan and Li, Rongpeng and Chen, Tao and Zhang, Honggang},
  journal={IEEE Communications Magazine},
  volume={54},
  number={7},
  pages={146--153},
  year={2016},
  publisher={IEEE}
}
@article{aaa,
  title={Energy-efficient resource allocation for secure OFDMA systems},
  author={Ng, Derrick Wing Kwan and Lo, Ernest S and Schober, Robert},
  journal={IEEE Transactions on Vehicular Technology},
  volume={61},
  number={6},
  pages={2572--2585},
  year={2012},
  publisher={IEEE}
}
@article{oranT,
  title={Transport Evolution for the RAN of the Future},
  author={Sehier, Philippe and Chanclou, Philippe and Benzaoui, Nihel and Chen, David and Kettunen, Kimmo and Lemke, Mike and Pointurier, Yvan and Dom, Pascal},
  journal={IEEE/OSA Journal of Optical Communications and Networking},
  volume={11},
  number={4},
  pages={B97--B108},
  year={2019},
  publisher={IEEE}
}
@article{oran12,
  title={O-RAN Alliance Standardization Trends},
  author={Kawahara, Sadayuki Abeta Toshiro and Matsukawa, Anil Umesh Ryusuke},
  year={2019}
}
@online{etsi,
title = {Standard of ETSI},
year = {2020},
url = {https://www.etsi.org/technologies/5g?jjj=1590472780060}
}

@online{Gen,
title = {Compare Different Generation},
url = {http://net-informations.com/q/diff/generations.html}
}
%مراجع خود را در این قسمت وارد کنید.
% دستوری برای کوچک کردن اندازه فونت‌ها 
%یک مثال را در زیر می‌بینید.
@article{namba2012colony,
  title={Colony-RAN architecture for future cellular network},
  author={Namba, Shinobu and Matsunaka, Takashi and Warabino, Takayuki and Kaneko, Shoji and     Kishi, Yoji},
  booktitle={Future Network \& Mobile Summit (FutureNetw), 2012},
  pages={1--8},
  year={2012},
  organization={IEEE}
}
@misc{WinNT,
  title = {{MS Windows NT} Kernel Description},
  howpublished = {\url{https://www.slideshare.net/Netmanias/201207c-ran-brief-introduction}},
  note = {Accessed: 2017-08-14}
}
@article{checko2015cloud,
  title={Cloud RAN for mobile networks—A technology overview},
  author={Checko, Aleksandra and Christiansen, Henrik L and Yan, Ying and Scolari, Lara and Kardaras, Georgios and Berger, Michael S and Dittmann, Lars},
  journal={IEEE Communications surveys \& tutorials},
  volume={17},
  number={1},
  pages={405--426},
  year={2015},
  publisher={IEEE}
}

@inproceedings{mmimoiter,
  title={Energy Efficient Power Allocation in Massive MIMO Systems based on Standard Interference Function},
  author={Zhang, Jiadian and Jiang, Yanxiang and Li, Peng and Zheng, Fuchun and You, Xiaohu},
  booktitle={Vehicular Technology Conference (VTC Spring), 2016 IEEE 83rd},
  pages={1--6},
  year={2016},
  organization={IEEE}
}
@article{EEcluster,
  title={Energy-efficient power allocation for distributed large-scale MIMO cloud radio access networks},
  author={Li, Pei-Rong and Chang, Tain-Sao and Feng, Kai-Ten},
  booktitle={2014 IEEE Wireless Communications and Networking Conference (WCNC)},
  pages={1856--1861},
  year={2014},
  organization={IEEE}
}

@article{jointcluster,
  title={Joint Clusterization and Power Allocation for Cloud Radio Access Networks},
  author={Tsou, Yao-Chun and Li, Pei-Rong and Chu, Jui-Hung and Feng, Kai-Ten},
  booktitle={Vehicular Technology Conference (VTC Fall), 2015 IEEE 82nd},
  pages={1--5},
  year={2015},
  organization={IEEE}
}
@article{ul_dl,
  title={Cloud Radio Access Networks: Uplink Channel Estimation and Downlink Precoding},
  author={Simeone, Osvaldo and Kang, Jinkyu and Kang, Joonkhyuk and Shamai, Shlomo},
  journal={Signal Processing for 5G: Algorithms and Implementations},
  pages={429--455},
  year={2016},
  publisher={John Wiley \& Sons, Ltd}
}

@article{Fronthaul,
  title={Fronthaul compression for cloud radio access networks: Signal processing advances inspired by network information theory},
  author={Park, Seok-Hwan and Simeone, Osvaldo and Sahin, Onur and Shitz, Shlomo Shamai},
  journal={IEEE Signal Processing Magazine},
  volume={31},
  number={6},
  pages={69--79},
  year={2014},
  publisher={IEEE}
}
@article{precodSimeone,
  title={Joint precoding and fronthaul optimization for C-RANs in ergodic fading channels},
  author={Kang, Jinkyu and Simeone, Osvaldo and Kang, Joonhyuk and Shamai, Shlomo},
  booktitle={2015 IEEE International Conference on Communication Workshop (ICCW)},
  pages={2683--2688},
  year={2015},
  organization={IEEE}
}
@article{ulCompression,
  title={Optimized uplink transmission in multi-antenna C-RAN with spatial compression and forward},
  author={Liu, Liang and Zhang, Rui},
  journal={IEEE transactions on signal processing},
  volume={63},
  number={19},
  pages={5083--5095},
  year={2015},
  publisher={IEEE}
}
@article{ofdma,
  title={Joint power control and fronthaul rate allocation for throughput maximization in OFDMA-based cloud radio access network},
  author={Liu, Liang and Bi, Suzhi and Zhang, Rui},
  journal={IEEE Transactions on Communications},
  volume={63},
  number={11},
  pages={4097--4110},
  year={2015},
  publisher={IEEE}
}
@article{dlulP,
  title={Downlink and uplink energy minimization through user association and beamforming in C-RAN},
  author={Luo, Shixin and Zhang, Rui and Lim, Teng Joon},
  journal={IEEE Transactions on Wireless Communications},
  volume={14},
  number={1},
  pages={494--508},
  year={2015},
  publisher={IEEE}
}
@article{ulSimeone,
  title={Joint signal and channel state information compression for the backhaul of uplink network MIMO systems},
  author={Kang, Jinkyu and Simeone, Osvaldo and Kang, Joonhyuk and Shitz, Shlomo Shamai},
  journal={IEEE Transactions on Wireless Communications},
  volume={13},
  number={3},
  pages={1555--1567},
  year={2014},
  publisher={IEEE}
}
@article{TDD,
  title={Energy Efficient Beamforming and Power Allocation in Dynamic TDD Based C-RAN System},
  author={Yoon, Changbae and Cho, Dong-Ho},
  journal={IEEE Communications Letters},
  volume={19},
  number={10},
  pages={1806--1809},
  year={2015},
  publisher={IEEE}
}

@article{cellFree,
  title={Cell-free massive MIMO versus small cells},
  author={Ngo, Hien Quoc and Ashikhmin, Alexei and Yang, Hong and Larsson, Erik G and Marzetta, Thomas L},
  journal={IEEE Transactions on Wireless Communications},
  volume={16},
  number={3},
  pages={1834--1850},
  year={2017},
  publisher={IEEE}
}

@article{hcranEE,
  title={Energy-efficient resource assignment and power allocation in heterogeneous cloud radio access networks},
  author={Peng, Mugen and Zhang, Kecheng and Jiang, Jiamo and Wang, Jiaheng and Wang, Wenbo},
  journal={IEEE Transactions on Vehicular Technology},
  volume={64},
  number={11},
  pages={5275--5287},
  year={2015},
  publisher={IEEE}
}
@Book{boyd,
 title={Convex optimization},
  author={Boyd, Stephen and Vandenberghe, Lieven},
  year={2004},
  publisher={Cambridge university press}
}
@inproceedings{mobile,
  title={Cloud radio access networks (C-RAN) in mobile cloud computing systems},
  author={Cai, Yegui and Yu, F Richard and Bu, Shengrong},
  booktitle={Computer Communications Workshops (INFOCOM WKSHPS), 2014 IEEE Conference on},
  pages={369--374},
  year={2014},
  organization={IEEE}
}
@inproceedings{park2014multivariate,
  title={Multivariate backhaul compression for the downlink of cloud radio access networks},
  author={Park, Seok-Hwan and Simeone, Osvaldo and Sahin, Onur and Shamai, Shlomo},
  booktitle={Information Theory (ISIT), 2014 IEEE International Symposium on},
  pages={2699--2703},
  year={2014},
  organization={IEEE}
}
@Proceedings{simeoneConf,
title = {Cloud Radio Access Networks: Challenges and (Some) Solutions-Conferece ppt},
year = {2015},
OPTmonth = {Fall},
OPTpublisher = {Simeone, Osvaldo}
}
@article{fogComputing,
  title={Fog-computing-based radio access networks: issues and challenges},
  author={Peng, Mugen and Yan, Shi and Zhang, Kecheng and Wang, Chonggang},
  journal={IEEE Network},
  volume={30},
  number={4},
  pages={46--53},
  year={2016},
  publisher={IEEE}
}
@article{fog12,
  title={Enabling low-latency applications in fog-radio access networks},
  author={Shih, Yuan-Yao and Chung, Wei-Ho and Pang, Ai-Chun and Chiu, Te-Chuan and Wei, Hung-Yu},
  journal={IEEE Network},
  volume={31},
  number={1},
  pages={52--58},
  year={2017},
  publisher={IEEE}
}
@article{rd2d,
  title={Resource sharing optimization for device-to-device communication underlaying cellular networks},
  author={Yu, Chia-Hao and Doppler, Klaus and Ribeiro, Cassio B and Tirkkonen, Olav},
  journal={IEEE Transactions on Wireless communications},
  volume={10},
  number={8},
  pages={2752--2763},
  year={2011},
  publisher={IEEE}
}
@article{centralized,
  title={Centralized Energy Efficient Multi-User Multi-Antenna Relaying in Next-Generation Radio Access Networks},
  author={Yang, Jiaxin and Champagne, Benoit and Zou, Yulong and Hanzo, Lajos},
  journal={IEEE Transactions on Vehicular Technology},
  year={2017},
  publisher={IEEE}
}
@article{fogEdge,
  title={Joint optimization of cloud and edge processing for fog radio access networks},
  author={Park, Seok-Hwan and Simeone, Osvaldo and Shitz, Shlomo Shamai},
  journal={IEEE Transactions on Wireless Communications},
  volume={15},
  number={11},
  pages={7621--7632},
  year={2016},
  publisher={IEEE}
}

@article{heterogeneous,
  title={Heterogeneous cloud radio access networks: A new perspective for enhancing spectral and energy efficiencies},
  author={Peng, Mugen and Li, Yuan and Jiang, Jiamo and Li, Jian and Wang, Chonggang},
  journal={IEEE Wireless Communications},
  volume={21},
  number={6},
  pages={126--135},
  year={2014},
  publisher={IEEE}
}
%%%%%%%%%%%%% 20
@inproceedings{graph,
  title={Graph-based dynamic frequency reuse in Cloud-RAN},
  author={Wang, Kaiwei and Zhao, Ming and Zhou, Wuyang},
  booktitle={Wireless Communications and Networking Conference (WCNC), 2014 IEEE},
  pages={105--110},
  year={2014},
  organization={IEEE}
}
@article{d2d,
  title={Resource Allocation in Cloud Radio Access Networks With Device-to-Device Communications},
  author={Mo, Yitao and Peng, Mugen and Xiang, Hongyu and Sun, Yaohua and Ji, Xiaodong},
  journal={IEEE Access},
  volume={5},
  pages={1250--1262},
  year={2017},
  publisher={IEEE}
}
@inproceedings{d2dd,
  title={Mode selection and resource allocation in uplink device-to-device enabled cloud radio access networks},
  author={Wang, Zhen and Sun, Yaohua},
  booktitle={Communications Workshops (ICC Workshops), 2017 IEEE International Conference },
  pages={1341--1345},
  year={2017},
  organization={IEEE}
}
@article{wireless,
  title={Wireless network cloud: Architecture and system requirements},
  author={Lin, Yonghua and Shao, Ling and Zhu, Zhenbo and Wang, Qing and Sabhikhi, Ravie K},
  journal={IBM Journal of Research and Development},
  volume={54},
  number={1},
  pages={4--1},
  year={2010},
  publisher={IBM}
}
@inproceedings{bbu,
  title={BBU-RRH switching schemes for centralized RAN},
  author={Namba, Shinobu and Warabino, Takayuki and Kaneko, Shoji},
  booktitle={Communications and Networking in China (CHINACOM), 2012 7th International ICST Conference on},
  pages={762--766},
  year={2012},
  organization={IEEE}
}

@book{cover,
  title={Elements of information theory},
  author={Cover, Thomas M and Thomas, Joy A},
  year={2012},
  publisher={John Wiley \& Sons}
}
@book{algamal,
  title={Network information theory},
  author={El Gamal, Abbas and Kim, Young-Han},
  year={2011},
  publisher={Cambridge university press}
}
@article{digCom,
  title={Digital Communications 5e},
  author={Salehi, Proakis},
  year={2008}
}
@inproceedings{dlsnr,
  title={Downlink SINR balancing in C-RAN under limited fronthaul capacity},
  author={Liu, Liang and Zhang, Rui},
  booktitle={Acoustics, Speech and Signal Processing (ICASSP), 2016 IEEE International Conference on},
  pages={3506--3510},
  year={2016},
  organization={IEEE}
}
@article{uldl,
  title={Downlink and uplink energy minimization through user association and beamforming in C-RAN},
  author={Luo, Shixin and Zhang, Rui and Lim, Teng Joon},
  journal={IEEE Transactions on Wireless Communications},
  volume={14},
  number={1},
  pages={494--508},
  year={2015},
  publisher={IEEE}
}
@article{jcluster,
  title={Joint base station clustering and beamformer design for partial coordinated transmission in heterogeneous networks},
  author={Hong, Mingyi and Sun, Ruoyu and Baligh, Hadi and Luo, Zhi-Quan},
  journal={IEEE Journal on Selected Areas in Communications},
  volume={31},
  number={2},
  pages={226--240},
  year={2013},
  publisher={IEEE}
}
@article{clusterbeam,
  title={Energy efficient clustering and beamforming for cloud radio access networks},
  author={Chen, Yawen and Wen, Xiangming and Lu, Zhaoming and Shao, Hua},
  journal={Mobile Networks and Applications},
  volume={22},
  number={3},
  pages={589--601},
  year={2017},
  publisher={Springer}
}
@article{fc,
  title={Fronthaul-constrained cloud radio access networks: Insights and challenges},
  author={Peng, Mugen and Wang, Chonggang and Lau, Vincent and Poor, H Vincent},
  journal={IEEE Wireless Communications},
  volume={22},
  number={2},
  pages={152--160},
  year={2015},
  publisher={IEEE}
}

@inproceedings{fc2,
  title={Energy efficient preceding C-RAN downlink with compression at fronthaul},
  author={Nguyen, Kien-Giang and Vu, Quang-Doanh and Juntti, Markku and Tran, Le-Nam},
  booktitle={2017 IEEE International Conference on Communications (ICC)},
  pages={1--6},
  year={2017},
  organization={IEEE}
}
@article{uljmimo,
  title={Joint quantisation levels and power optimisation in uplink network multiple-input and multiple-output under constraint backhaul},
  author={Wang, Shipeng and Chen, Li and Chen, Xiaohui and Wei, Guo},
  journal={IET Communications},
  volume={9},
  number={16},
  pages={2041--2047},
  year={2015},
  publisher={IET}
}
@inproceedings{pcluster,
  title={Power control and clustering in ad hoc networks},
  author={Kawadia, Vikas and Kumar, PR},
  booktitle={INFOCOM 2003. Twenty-Second Annual Joint Conference of the IEEE Computer and Communications. IEEE Societies},
  volume={1},
  pages={459--469},
  year={2003},
  organization={IEEE}
}

@inproceedings{jue,
  title={Joint remote radio head selection and user association in cloud radio access networks},
  author={Li, Aini and Sun, Yan and Xu, Xiaodong and Yuan, Chunjing},
  booktitle={Personal, Indoor, and Mobile Radio Communications (PIMRC), 2016 IEEE 27th Annual International Symposium on},
  pages={1--6},
  year={2016},
  organization={IEEE}
}
@article{dynamic,
  title={Dynamic uplink-downlink configuration and interference management in TD-LTE},
  author={Shen, Zukang and Khoryaev, Alexey and Eriksson, Erik and Pan, Xueming},
  journal={IEEE Communications Magazine},
  volume={50},
  number={11},
  year={2012},
  publisher={IEEE}
}
@MastersThesis{MA,
author = {Mahtab Atayi},
title = {Optimization of Energy Consumption in Cloud Radio Access Network},
school = {Amirkabir University},
year = {2016-2017},
}

@inproceedings{mkm,
  title={Optimal power allocation for distributed MIMO C-RAN system with limited fronthaul capacity},
  author={Motalleb, Mojdeh Karbalaee and Kabiri, Amirreza and Emadi, Mohammad Javad},
  booktitle={Electrical Engineering (ICEE), 2017 Iranian Conference on},
  pages={1978--1982},
  year={2017},
  organization={IEEE}
}